@incollection{angeletos2016incomplete,
  title={Incomplete information in macroeconomics: Accommodating frictions in coordination},
  author={Angeletos, G-M and Lian, Chen},
  booktitle={Handbook of macroeconomics},
  volume={2},
  pages={1065--1240},
  year={2016},
  publisher={Elsevier}
}

@article{szkup2020sentiments,
  title={Sentiments, strategic uncertainty, and information structures in coordination games},
  author={Szkup, Michal and Trevino, Isabel},
  journal={Games and Economic Behavior},
  volume={124},
  pages={534--553},
  year={2020},
  publisher={Elsevier}
}

@unpublished{szkup_trevino_2024,
  author = {Michal Szkup and Isabel Trevino},
  title = {Selection through Information Acquisition in Coordination Games},
  year = {2024},
  note = {Mimeo}
}

@article{yang2015coordination,
  title={Coordination with flexible information acquisition},
  author={Yang, Ming},
  journal={Journal of Economic Theory},
  volume={158},
  pages={721--738},
  year={2015},
  publisher={Elsevier}
}

@techreport{acemoglu2024simple,
  title={The Simple Macroeconomics of AI},
  author={Acemoglu, Daron},
  year={2024},
  institution={National Bureau of Economic Research}
}

@techreport{aldasoro2024impact,
  title={The impact of artificial intelligence on output and inflation},
  author={Aldasoro, I{\~n}aki and Doerr, Sebastian and Gambacorta, Leonardo and Rees, Daniel},
  year={2024},
  institution={Bank for International Settlements}
}

@article{gabaix2011granular,
  title={The granular origins of aggregate fluctuations},
  author={Gabaix, Xavier},
  journal={Econometrica},
  volume={79},
  number={3},
  pages={733--772},
  year={2011},
  publisher={Wiley Online Library}
}

@article{acemoglu2012network,
  title={The network origins of aggregate fluctuations},
  author={Acemoglu, Daron and Carvalho, Vasco M and Ozdaglar, Asuman and Tahbaz-Salehi, Alireza},
  journal={Econometrica},
  volume={80},
  number={5},
  pages={1977--2016},
  year={2012},
  publisher={Wiley Online Library}
}

@techreport{baqaee2018macroeconomics,
  title={Macroeconomics with heterogeneous agents and input-output networks},
  author={Baqaee, David Rezza and Farhi, Emmanuel},
  year={2018},
  institution={National Bureau of Economic Research}
}

@article{baqaee2019jeea,
  title={Jeea-fbbva lecture 2018: The microeconomic foundations of aggregate production functions},
  author={Baqaee, David Rezza and Farhi, Emmanuel},
  journal={Journal of the European Economic Association},
  volume={17},
  number={5},
  pages={1337--1392},
  year={2019},
  publisher={Oxford University Press}
}

@article{amir2005supermodularity,
  title={Supermodularity and complementarity in economics: An elementary survey},
  author={Amir, Rabah},
  journal={Southern Economic Journal},
  volume={71},
  number={3},
  pages={636--660},
  year={2005},
  publisher={Wiley Online Library}
}

@misc{amir2018supermodularity,
  title={supermodularity and monotone methods in economics},
  author={Amir, Rabah},
  journal={Economic Theory},
  volume={66},
  pages={547--556},
  year={2018},
  publisher={Springer}
}

@article{vives2024strategic,
  title={Strategic complementarity in games},
  author={Vives, Xavier and Vravosinos, Orestis},
  journal={Journal of Mathematical Economics},
  pages={103005},
  year={2024},
  publisher={Elsevier}
}

@article{vives2005complementarities,
  title={Complementarities and games: New developments},
  author={Vives, Xavier},
  journal={Journal of Economic Literature},
  volume={43},
  number={2},
  pages={437--479},
  year={2005},
  publisher={American Economic Association}
}

@article{roth2007repugnance,
  title={Repugnance as a Constraint on Markets},
  author={Roth, Alvin E},
  journal={Journal of Economic perspectives},
  volume={21},
  number={3},
  pages={37--58},
  year={2007},
  publisher={American Economic Association}
}

@article{carlsson1993global,
  title={Global games and equilibrium selection},
  author={Carlsson, Hans and Van Damme, Eric},
  journal={Econometrica: Journal of the Econometric Society},
  pages={989--1018},
  year={1993},
  publisher={JSTOR}
}

@article{frankel2003equilibrium,
  title={Equilibrium selection in global games with strategic complementarities},
  author={Frankel, David M and Morris, Stephen and Pauzner, Ady},
  journal={Journal of Economic Theory},
  volume={108},
  number={1},
  pages={1--44},
  year={2003},
  publisher={Elsevier}
}

@inproceedings{morris2003global,
  title={Global games: Theory and applications},
  author={Morris, Stephen and Shin, Hyun Song},
  booktitle={Advances in Economics and Econometrics: Theory and Applications, Eighth World Congress, Volume 1},
  pages={56--114},
  year={2003},
  organization={Cambridge University Press}
}

@article{AMIR2016684,
title = {Endogenous information acquisition in Bayesian games with strategic complementarities},
journal = {Journal of Economic Theory},
volume = {163},
pages = {684-698},
year = {2016},
issn = {0022-0531},
doi = {https://doi.org/10.1016/j.jet.2016.03.005},
url = {https://www.sciencedirect.com/science/article/pii/S0022053116000399},
author = {Rabah Amir and Natalia Lazzati},
keywords = {Information acquisition, Supermodular Bayesian games, Stochastic supermodular order, Costly rationality},
abstract = {This paper studies covert (or hidden) information acquisition in common value Bayesian games of strategic complementarities. Using the supermodular stochastic order to arrange the structures of information increasingly in terms of preferences, we provide novel, easily interpretable and verifiable, though restrictive conditions under which the value of information is increasing and convex, and study the implications in terms of the equilibrium configuration. Increasing marginal returns to information leads to extreme behavior in that agents opt either for the highest or the lowest quality signal, so that the final analysis of this complex game simplifies greatly into that of a two-action game. This result can rationalize the complete information game as an endogenous outcome. Finally, we also establish that higher-quality information leads players to select more dispersed actions in the Bayesian game.}
}

@article{myatt2012endogenous,
  title={Endogenous information acquisition in coordination games},
  author={Myatt, David P and Wallace, Chris},
  journal={The Review of Economic Studies},
  volume={79},
  number={1},
  pages={340--374},
  year={2012},
  publisher={Oxford University Press}
}

@article{cooper1988coordinating,
  title={Coordinating coordination failures in Keynesian models},
  author={Cooper, Russell and John, Andrew},
  journal={The Quarterly Journal of Economics},
  volume={103},
  number={3},
  pages={441--463},
  year={1988},
  publisher={MIT Press}
}

@article{aridor2024privacy,
  title={Privacy Regulation and Targeted Advertising: Evidence from Apple's App Tracking Transparency},
  author={Aridor, Guy and Che, Yeon-Koo},
  year={2024},
  publisher={CESifo Working Paper}
}

@article{doerr2023privacy,
  title={Privacy regulation and fintech lending},
  author={Doerr, Sebastian and Gambacorta, Leonardo and Guiso, Luigi and Sanchez del Villar, Marina},
  journal={Available at SSRN 4353798},
  year={2023}
}

@incollection{korinek2018artificial,
  title={Artificial intelligence and its implications for income distribution and unemployment},
  author={Korinek, Anton and Stiglitz, Joseph E},
  booktitle={The economics of artificial intelligence: An agenda},
  pages={349--390},
  year={2018},
  publisher={University of Chicago Press}
}

@article{diamond1982aggregate,
  title={Aggregate demand management in search equilibrium},
  author={Diamond, Peter A},
  journal={Journal of political Economy},
  volume={90},
  number={5},
  pages={881--894},
  year={1982},
  publisher={The University of Chicago Press}
}

@article{babina2024artificial,
  title={Artificial intelligence, firm growth, and product innovation},
  author={Babina, Tania and Fedyk, Anastassia and He, Alex and Hodson, James},
  journal={Journal of Financial Economics},
  volume={151},
  pages={103745},
  year={2024},
  publisher={Elsevier}
}

@book{babina2023firm,
  title={Firm investments in artificial intelligence technologies and changes in workforce composition},
  author={Babina, Tania and Fedyk, Anastassia and He, Alex X and Hodson, James},
  volume={31325},
  year={2023},
  publisher={National Bureau of Economic Research}
}

@article{milgrom1990rationalizability,
  title={Rationalizability, learning, and equilibrium in games with strategic complementarities},
  author={Milgrom, Paul and Roberts, John},
  journal={Econometrica: Journal of the Econometric Society},
  pages={1255--1277},
  year={1990},
  publisher={JSTOR}
}

@article{mensch2020existence,
  title={On the existence of monotone pure-strategy perfect Bayesian equilibrium in games with complementarities},
  author={Mensch, Jeffrey},
  journal={Journal of Economic Theory},
  volume={187},
  pages={105026},
  year={2020},
  publisher={Elsevier}
}

@article{hellwig2009knowing,
  title={Knowing what others know: Coordination motives in information acquisition},
  author={Hellwig, Christian and Veldkamp, Laura},
  journal={The Review of Economic Studies},
  volume={76},
  number={1},
  pages={223--251},
  year={2009},
  publisher={Wiley-Blackwell}
}

@article{farboodi2020long,
  title={Long-run growth of financial data technology},
  author={Farboodi, Maryam and Veldkamp, Laura},
  journal={American Economic Review},
  volume={110},
  number={8},
  pages={2485--2523},
  year={2020},
  publisher={American Economic Association 2014 Broadway, Suite 305, Nashville, TN 37203}
}

@article{van2007monotone,
  title={Monotone equilibria in Bayesian games of strategic complementarities},
  author={Van Zandt, Timothy and Vives, Xavier},
  journal={Journal of Economic Theory},
  volume={134},
  number={1},
  pages={339--360},
  year={2007},
  publisher={Elsevier}
}

@article{van2010interim,
  title={Interim Bayesian Nash equilibrium on universal type spaces for supermodular games},
  author={Van Zandt, Timothy},
  journal={Journal of Economic Theory},
  volume={145},
  number={1},
  pages={249--263},
  year={2010},
  publisher={Elsevier}
}

@article{morris2016common,
  title={Common belief foundations of global games},
  author={Morris, Stephen and Shin, Hyun Song and Yildiz, Muhamet},
  journal={Journal of Economic Theory},
  volume={163},
  pages={826--848},
  year={2016},
  publisher={Elsevier}
}

@article{vives2007supermodularity,
  title={Supermodularity and supermodular games},
  author={Vives, Xavier},
  journal={Occasional paper},
  number={07/18},
  year={2007}
}

@article{Fernandez2022,
Author = {Fernandez, Marcelo Ariel and Rudov, Kirill and Yariv, Leeat},
Title = {Centralized Matching with Incomplete Information},
Journal = {American Economic Review: Insights},
Volume = {4},
Number = {1},
Year = {2022},
Month = {March},
Pages = {18–33},
DOI = {10.1257/aeri.20210123},
URL = {https://www.aeaweb.org/articles?id=10.1257/aeri.20210123}}

@article{harsanyi1995games,
  title={Games with incomplete information},
  author={Harsanyi, John C},
  journal={American Economic Review},
  volume={85},
  number={3},
  pages={291--303},
  year={1995},
  publisher={Springer}
}

@article{tarski1955lattice,
  title={A lattice-theoretical fixpoint theorem and its applications},
  author={Tarski, Alfred},
  journal={Pacific Journal of Mathematics},
  volume={5},
  pages={285--309},
  year={1955}
}

@article{topkis1979equilibrium,
  title={Equilibrium points in nonzero-sum n-person submodular games},
  author={Topkis, Donald M},
  journal={Siam Journal on control and optimization},
  volume={17},
  number={6},
  pages={773--787},
  year={1979},
  publisher={SIAM}
}

@book{topkis1998supermodularity,
  title={Supermodularity and complementarity},
  author={Topkis, Donald M},
  year={1998},
  publisher={Princeton university press}
}

@article{amir1996continuous,
  title={Continuous stochastic games of capital accumulation with convex transitions},
  author={Amir, Rabah},
  journal={Games and Economic Behavior},
  volume={15},
  number={2},
  pages={111--131},
  year={1996},
  publisher={Elsevier}
}

@article{datta2018comparing,
  title={Comparing recursive equilibrium in economies with dynamic complementarities and indeterminacy},
  author={Datta, Manjira and Reffett, Kevin and Wo{\'z}ny, {\L}ukasz},
  journal={Economic Theory},
  volume={66},
  pages={593--626},
  year={2018},
  publisher={Springer}
}

@article{galeotti2010network,
  title={Network games},
  author={Galeotti, Andrea and Goyal, Sanjeev and Jackson, Matthew O and Vega-Redondo, Fernando and Yariv, Leeat},
  journal={The review of economic studies},
  volume={77},
  number={1},
  pages={218--244},
  year={2010},
  publisher={Wiley-Blackwell}
}

@article{quiggin2006supermodularity,
  title={Supermodularity and risk aversion},
  author={Quiggin, John and Chambers, Robert G},
  journal={Mathematical social sciences},
  volume={52},
  number={1},
  pages={1--14},
  year={2006},
  publisher={Elsevier}
}

@article{szkup2015information,
  title={Information acquisition in global games of regime change},
  author={Szkup, Michal and Trevino, Isabel},
  journal={Journal of Economic Theory},
  volume={160},
  pages={387--428},
  year={2015},
  publisher={Elsevier}
}

@article{colombo2014information,
  title={Information acquisition and welfare},
  author={Colombo, Luca and Femminis, Gianluca and Pavan, Alessandro},
  journal={The Review of Economic Studies},
  volume={81},
  number={4},
  pages={1438--1483},
  year={2014},
  publisher={Oxford University Press}
}

@article{eloundou2024gpts,
  title={GPTs are GPTs: Labor market impact potential of LLMs},
  author={Eloundou, Tyna and Manning, Sam and Mishkin, Pamela and Rock, Daniel},
  journal={Science},
  volume={384},
  number={6702},
  pages={1306--1308},
  year={2024},
  publisher={American Association for the Advancement of Science}
}

@article{baqaee2023micro,
  title={Micro propagation and macro aggregation},
  author={Baqaee, David and Rubbo, Elisa},
  journal={Annual Review of Economics},
  volume={15},
  number={1},
  pages={91--123},
  year={2023},
  publisher={Annual Reviews}
}